@inproceedings{meng2021magface,
  title={Magface: A universal representation for face recognition and quality assessment},
  author={Meng, Qiang and Zhao, Shichao and Huang, Zhida and Zhou, Feng},
  booktitle={Proceedings of the IEEE/CVF Conference on Computer Vision and Pattern Recognition},
  pages={14225--14234},
  year={2021}
}

@inproceedings{zhang2018deeproad,
  title={Deeproad: Gan-based metamorphic testing and input validation framework for autonomous driving systems},
  author={Zhang, Mengshi and Zhang, Yuqun and Zhang, Lingming and Liu, Cong and Khurshid, Sarfraz},
  booktitle={2018 33rd IEEE/ACM International Conference on Automated Software Engineering (ASE)},
  pages={132--142},
  year={2018},
  organization={IEEE}
}

@article{johnson2017google,
  title={Google’s multilingual neural machine translation system: Enabling zero-shot translation},
  author={Johnson, Melvin and Schuster, Mike and Le, Quoc V and Krikun, Maxim and Wu, Yonghui and Chen, Zhifeng and Thorat, Nikhil and Vi{\'e}gas, Fernanda and Wattenberg, Martin and Corrado, Greg and others},
  journal={Transactions of the Association for Computational Linguistics},
  volume={5},
  pages={339--351},
  year={2017},
  publisher={MIT Press}
}

@article{zhang2021tau,
  title={TAU: Transferable Attention U-Net for optic disc and cup segmentation},
  author={Zhang, Yuhao and Cai, Xiangrui and Zhang, Ying and Kang, Hong and Ji, Xin and Yuan, Xiaojie},
  journal={Knowledge-Based Systems},
  volume={213},
  pages={106668},
  year={2021},
  publisher={Elsevier}
}

@article{szegedy2013intriguing,
  title={Intriguing properties of neural networks},
  author={Szegedy, Christian and Zaremba, Wojciech and Sutskever, Ilya and Bruna, Joan and Erhan, Dumitru and Goodfellow, Ian and Fergus, Rob},
  journal={arXiv preprint arXiv:1312.6199},
  year={2013}
}

@article{chen2020scaling,
  title={Scaling camouflage: Content disguising attack against computer vision applications},
  author={Chen, Yufei and Shen, Chao and Wang, Cong and Xiao, Qixue and Li, Kang and Chen, Yu},
  journal={IEEE Transactions on Dependable and Secure Computing},
  volume={18},
  number={5},
  pages={2017--2028},
  year={2020},
  publisher={IEEE}
}

@article{zhao2020shielding,
  title={Shielding collaborative learning: Mitigating poisoning attacks through client-side detection},
  author={Zhao, Lingchen and Hu, Shengshan and Wang, Qian and Jiang, Jianlin and Shen, Chao and Luo, Xiangyang and Hu, Pengfei},
  journal={IEEE Transactions on Dependable and Secure Computing},
  volume={18},
  number={5},
  pages={2029--2041},
  year={2020},
  publisher={IEEE}
}

@inproceedings{ge2021anti,
  title={Anti-Distillation Backdoor Attacks: Backdoors Can Really Survive in Knowledge Distillation},
  author={Ge, Yunjie and Wang, Qian and Zheng, Baolin and Zhuang, Xinlu and Li, Qi and Shen, Chao and Wang, Cong},
  booktitle={Proceedings of the 29th ACM International Conference on Multimedia},
  pages={826--834},
  year={2021}
}

@inproceedings{ma2018deepgauge,
  title={Deepgauge: Multi-granularity testing criteria for deep learning systems},
  author={Ma, Lei and Juefei-Xu, Felix and Zhang, Fuyuan and Sun, Jiyuan and Xue, Minhui and Li, Bo and Chen, Chunyang and Su, Ting and Li, Li and Liu, Yang and others},
  booktitle={Proceedings of the 33rd ACM/IEEE International Conference on Automated Software Engineering},
  pages={120--131},
  year={2018}
}

@inproceedings{ma2019deepct,
  title={Deepct: Tomographic combinatorial testing for deep learning systems},
  author={Ma, Lei and Juefei-Xu, Felix and Xue, Minhui and Li, Bo and Li, Li and Liu, Yang and Zhao, Jianjun},
  booktitle={2019 IEEE 26th International Conference on Software Analysis, Evolution and Reengineering (SANER)},
  pages={614--618},
  year={2019},
  organization={IEEE}
}

@inproceedings{xie2019coverage,
  title={Coverage-guided fuzzing for feedforward neural networks},
  author={Xie, Xiaofei and Chen, Hongxu and Li, Yi and Ma, Lei and Liu, Yang and Zhao, Jianjun},
  booktitle={2019 34th IEEE/ACM International Conference on Automated Software Engineering (ASE)},
  pages={1162--1165},
  year={2019},
  organization={IEEE}
}

@inproceedings{xie2019deephunter,
  title={Deephunter: a coverage-guided fuzz testing framework for deep neural networks},
  author={Xie, Xiaofei and Ma, Lei and Juefei-Xu, Felix and Xue, Minhui and Chen, Hongxu and Liu, Yang and Zhao, Jianjun and Li, Bo and Yin, Jianxiong and See, Simon},
  booktitle={Proceedings of the 28th ACM SIGSOFT International Symposium on Software Testing and Analysis},
  pages={146--157},
  year={2019}
}

@inproceedings{wang2020deepsonar,
  title={Deepsonar: Towards effective and robust detection of ai-synthesized fake voices},
  author={Wang, Run and Juefei-Xu, Felix and Huang, Yihao and Guo, Qing and Xie, Xiaofei and Ma, Lei and Liu, Yang},
  booktitle={Proceedings of the 28th ACM International Conference on Multimedia},
  pages={1207--1216},
  year={2020}
}

@inproceedings{sun2020stealthy,
  title={Stealthy and efficient adversarial attacks against deep reinforcement learning},
  author={Sun, Jianwen and Zhang, Tianwei and Xie, Xiaofei and Ma, Lei and Zheng, Yan and Chen, Kangjie and Liu, Yang},
  booktitle={Proceedings of the AAAI Conference on Artificial Intelligence},
  volume={34},
  number={04},
  pages={5883--5891},
  year={2020}
}

@inproceedings{zhang2020generating,
  title={Generating adversarial examples for holding robustness of source code processing models},
  author={Zhang, Huangzhao and Li, Zhuo and Li, Ge and Ma, Lei and Liu, Yang and Jin, Zhi},
  booktitle={Proceedings of the AAAI Conference on Artificial Intelligence},
  volume={34},
  number={01},
  pages={1169--1176},
  year={2020}
}

@article{yu2021deeprepair,
  title={DeepRepair: Style-Guided Repairing for Deep Neural Networks in the Real-World Operational Environment},
  author={Yu, Bing and Qi, Hua and Guo, Qing and Juefei-Xu, Felix and Xie, Xiaofei and Ma, Lei and Zhao, Jianjun},
  journal={IEEE Transactions on Reliability},
  year={2021},
  publisher={IEEE}
}

@inproceedings{liu2021dialtest,
  title={DialTest: automated testing for recurrent-neural-network-driven dialogue systems},
  author={Liu, Zixi and Feng, Yang and Chen, Zhenyu},
  booktitle={Proceedings of the 30th ACM SIGSOFT International Symposium on Software Testing and Analysis},
  pages={115--126},
  year={2021}
}

@inproceedings{hou2021taumed,
  title={TauMed: test augmentation of deep learning in medical diagnosis},
  author={Hou, Yunhan and Liu, Jiawei and Wang, Daiwei and He, Jiawei and Fang, Chunrong and Chen, Zhenyu},
  booktitle={Proceedings of the 30th ACM SIGSOFT International Symposium on Software Testing and Analysis},
  pages={674--677},
  year={2021}
}

@inproceedings{ji2021automated,
  title={Automated Testing for Machine Translation via Constituency Invariance},
  author={Ji, Pin and Feng, Yang and Liu, Jia and Zhao, Zhihong and Xu, Baowen},
  booktitle={2021 36th IEEE/ACM International Conference on Automated Software Engineering (ASE)},
  pages={468--479},
  year={2021},
  organization={IEEE}
}

@inproceedings{guo2020taujud,
  title={Taujud: test augmentation of machine learning in judicial documents},
  author={Guo, Zichen and Liu, Jiawei and He, Tieke and Li, Zhuoyang and Zhangzhu, Peitian},
  booktitle={Proceedings of the 29th ACM SIGSOFT International Symposium on Software Testing and Analysis},
  pages={549--552},
  year={2020}
}

@article{zhang2021duo,
  title={Duo: Differential Fuzzing for Deep Learning Operators},
  author={Zhang, Xufan and Liu, Jiawei and Sun, Ning and Fang, Chunrong and Liu, Jia and Wang, Jiang and Chai, Dong and Chen, Zhenyu},
  journal={IEEE Transactions on Reliability},
  volume={70},
  number={4},
  pages={1671--1685},
  year={2021},
  publisher={IEEE}
}

@inproceedings{zhang2021predoo,
  title={Predoo: precision testing of deep learning operators},
  author={Zhang, Xufan and Sun, Ning and Fang, Chunrong and Liu, Jiawei and Liu, Jia and Chai, Dong and Wang, Jiang and Chen, Zhenyu},
  booktitle={Proceedings of the 30th ACM SIGSOFT International Symposium on Software Testing and Analysis},
  pages={400--412},
  year={2021}
}

@inproceedings{luo2021graph,
  title={Graph-based Fuzz Testing for Deep Learning Inference Engines},
  author={Luo, Weisi and Chai, Dong and Run, Xiaoyue and Wang, Jiang and Fang, Chunrong and Chen, Zhenyu},
  booktitle={2021 IEEE/ACM 43rd International Conference on Software Engineering (ICSE)},
  pages={288--299},
  year={2021},
  organization={IEEE}
}

@article{xu2021deepsuite,
  title={DeepSuite: A Test Suite Optimizer for Autonomous Vehicles},
  author={Xu, Sihan and Wang, Zhiyu and Fan, Lingling and Cai, Xiangrui and Ji, Hua and Khoo, Siau-Cheng and Gupta, Brij Bhooshan},
  journal={IEEE Transactions on Intelligent Transportation Systems},
  year={2021},
  publisher={IEEE}
}

%%%%%%%%%%%
@article{wang201901,
  title={人工智能+ 医学影像在肺结节检测中的应用研究},
  author={王杜春 and 任龙 and 刘宁川 and 杨柳 and 何杰},
  journal={影像研究与医学应用},
  number={16},
  pages={18},
  year={2019}
}

@article{cheplygina2019not,
  title={Not-so-supervised: a survey of semi-supervised, multi-instance, and transfer learning in medical image analysis},
  author={Cheplygina, Veronika and de Bruijne, Marleen and Pluim, Josien PW},
  journal={Medical image analysis},
  volume={54},
  pages={280--296},
  year={2019},
  publisher={Elsevier}
}

@article{litjens2017survey,
  title={A survey on deep learning in medical image analysis},
  author={Litjens, Geert and Kooi, Thijs and Bejnordi, Babak Ehteshami and Setio, Arnaud Arindra Adiyoso and Ciompi, Francesco and Ghafoorian, Mohsen and Van Der Laak, Jeroen Awm and Van Ginneken, Bram and S{\'a}nchez, Clara I},
  journal={Medical image analysis},
  volume={42},
  pages={60--88},
  year={2017},
  publisher={Elsevier}
}

@article{leaman2015challenges,
title={Challenges in clinical natural language processing for automated disorder normalization},
author={Leaman, Robert and Khare, Ritu and Lu, Zhiyong},
journal={Journal of Biomedical Informatics},
volume={57},
pages={28--37},
year={2015}
}
    
@article{Lee2019BioBERT,
    author = {Lee, Jinhyuk and Yoon, Wonjin and Kim, Sungdong and Kim, Donghyeon and Kim, Sunkyu and So, Chan Ho and Kang, Jaewoo},
    title = "{BioBERT: a pre-trained biomedical language representation model for biomedical text mining}",
    journal = {Bioinformatics},
    volume = {36},
    number = {4},
    pages = {1234-1240},
    year = {2019},
    month = {09}
}

@article{wang201902,
  title={中文电子病历的分词及实体识别研究},
  author={王若佳 and 赵常煜 and 王继民},
  journal={图书情报工作},
  volume={63},
  number={2},
  pages={34--42},
  year={2019}
}

@article{rajkomar2018scalable,
  title={Scalable and accurate deep learning with electronic health records},
  author={Rajkomar, Alvin and Oren, Eyal and Chen, Kai and Dai, Andrew M and Hajaj, Nissan and Hardt, Michaela and Liu, Peter J and Liu, Xiaobing and Marcus, Jake and Sun, Mimi and others},
  journal={NPJ Digital Medicine},
  volume={1},
  number={1},
  pages={18},
  year={2018},
  publisher={Nature Publishing Group}
}

@article{kwak2019deephealth,
  title={DeepHealth: Deep Learning for Health Informatics},
  author={Kwak, Gloria Hyun-Jung and Hui, Pan},
  journal={arXiv preprint arXiv:1909.00384},
  year={2019}
}

@article{rajkomar2019machine,
  title={Machine learning in medicine},
  author={Rajkomar, Alvin and Dean, Jeffrey and Kohane, Isaac},
  journal={New England Journal of Medicine},
  volume={380},
  number={14},
  pages={1347--1358},
  year={2019},
  publisher={Mass Medical Soc}
}

@article{zhang2016trends,
  author = {Zhang, Luxia and Long, Jianyan and Jiang, Wenshi and Shi, Ying and He, Xiangxiang and Zhou, Zhiye and Li, Yanwei and Yeung, Roseanne O. and Wang, Jinwei and Matsushita, Kunihiro and Coresh, Josef and Zhao, Ming-Hui and Wang, Haibo},
  title = {Trends in Chronic Kidney Disease in China},
  journal = {New England Journal of Medicine},
  volume = {375},
  number = {9},
  pages = {905-906},
  year = {2016},
}

@article{labrinidis2012challenges,
  title={Challenges and opportunities with big data},
  author={Labrinidis, Alexandros and Jagadish, Hosagrahar V},
  journal={Proceedings of the VLDB Endowment},
  volume={5},
  number={12},
  pages={2032--2033},
  year={2012},
  publisher={VLDB Endowment}
}

@article{johnson2016mimic,
  title={MIMIC-III, a freely accessible critical care database},
  author={Johnson, Alistair EW and Pollard, Tom J and Shen, Lu and Li-wei, H Lehman and Feng, Mengling and Ghassemi, Mohammad and Moody, Benjamin and Szolovits, Peter and Celi, Leo Anthony and Mark, Roger G},
  journal={Scientific data},
  volume={3},
  pages={160035},
  year={2016},
  publisher={Nature Publishing Group}
}

@inproceedings{vaswani2017attention,
  title={Attention is all you need},
  author={Vaswani, Ashish and Shazeer, Noam and Parmar, Niki and Uszkoreit, Jakob and Jones, Llion and Gomez, Aidan N and Kaiser, {\L}ukasz and Polosukhin, Illia},
  booktitle={Advances in neural information processing systems},
  pages={5998--6008},
  year={2017}
}

@article{montavon2017explaining,
  title={Explaining nonlinear classification decisions with deep taylor decomposition},
  author={Montavon, Gr{\'e}goire and Lapuschkin, Sebastian and Binder, Alexander and Samek, Wojciech and M{\"u}ller, Klaus-Robert},
  journal={Pattern Recognition},
  volume={65},
  pages={211--222},
  year={2017},
  publisher={Elsevier}
}

@inproceedings{mikolov2013distributed,
  title={Distributed representations of words and phrases and their compositionality},
  author={Mikolov, Tomas and Sutskever, Ilya and Chen, Kai and Corrado, Greg S and Dean, Jeff},
  booktitle={Advances in neural information processing systems},
  pages={3111--3119},
  year={2013}
}

@article{mikolov2013efficient,
  title={Efficient estimation of word representations in vector space},
  author={Mikolov, Tomas and Chen, Kai and Corrado, Greg and Dean, Jeffrey},
  journal={arXiv preprint arXiv:1301.3781},
  year={2013}
}

@article{choi2016medical,
  title={Medical concept representation learning from electronic health records and its application on heart failure prediction},
  author={Choi, Edward and Schuetz, Andy and Stewart, Walter F and Sun, Jimeng},
  journal={arXiv preprint arXiv:1602.03686},
  year={2016}
}

@article{choi2016learning,
  title={Learning low-dimensional representations of medical concepts},
  author={Choi, Youngduck and Chiu, Chill Yi-I and Sontag, David},
  journal={AMIA Summits on Translational Science Proceedings},
  volume={2016},
  pages={41},
  year={2016},
  publisher={American Medical Informatics Association}
}

@article{miotto2016deep,
  title={Deep patient: an unsupervised representation to predict the future of patients from the electronic health records},
  author={Miotto, Riccardo and Li, Li and Kidd, Brian A and Dudley, Joel T},
  journal={Scientific reports},
  volume={6},
  number={1},
  pages={1--10},
  year={2016},
  publisher={Nature Publishing Group}
}

@article{tran2015learning,
  title={Learning vector representation of medical objects via EMR-driven nonnegative restricted Boltzmann machines (eNRBM)},
  author={Tran, Truyen and Nguyen, Tu Dinh and Phung, Dinh and Venkatesh, Svetha},
  journal={Journal of biomedical informatics},
  volume={54},
  pages={96--105},
  year={2015},
  publisher={Elsevier}
}

@inproceedings{choi2016multi,
  title={Multi-layer representation learning for medical concepts},
  author={Choi, Edward and Bahadori, Mohammad Taha and Searles, Elizabeth and Coffey, Catherine and Thompson, Michael and Bost, James and Tejedor-Sojo, Javier and Sun, Jimeng},
  booktitle={Proceedings of the 22nd ACM SIGKDD International Conference on Knowledge Discovery and Data Mining},
  pages={1495--1504},
  year={2016}
}

@article{chowdhury2019med2meta,
  title={Med2Meta: Learning Representations of Medical Concepts with Meta-Embeddings},
  author={Chowdhury, Shaika and Zhang, Chenwei and Yu, Philip S and Luo, Yuan},
  journal={arXiv preprint arXiv:1912.03366},
  year={2019}
}

@inproceedings{song2019medical,
  title={Medical concept embedding with multiple ontological representations},
  author={Song, Lihong and Cheong, Chin Wang and Yin, Kejing and Cheung, William
  K and CM, Benjamin},
  booktitle={Proceedings of the 28th International Joint Conference on Artificial Intelligence},
  pages={4613-4619},
  year={2019}
}

@inproceedings{choi2018mime,
  title={Mime: Multilevel medical embedding of electronic health records for predictive healthcare},
  author={Choi, Edward and Xiao, Cao and Stewart, Walter and Sun, Jimeng},
  booktitle={Advances in neural information processing systems},
  pages={4547--4557},
  year={2018}
}

@inproceedings{cai2018medical,
  title={Medical concept embedding with time-aware attention},
  author={Cai, Xiangrui and Gao, Jinyang and Ngiam, Kee Yuan and Ooi, Beng Chin and Zhang, Ying and Yuan, Xiaojie},
  booktitle={Proceedings of the 27th International Joint Conference on
  Artificial Intelligence},
  pages={3984--3990},
  year={2018}
}

@article{peng2019temporal,
  title={Temporal self-attention network for medical concept embedding},
  author={Peng, Xueping and Long, Guodong and Shen, Tao and Wang, Sen and Jiang, Jing and Blumenstein, Michael},
  journal={arXiv preprint arXiv:1909.06886},
  year={2019}
}

@inproceedings{choi2017gram,
  title={GRAM: graph-based attention model for healthcare representation learning},
  author={Choi, Edward and Bahadori, Mohammad Taha and Song, Le and Stewart, Walter F and Sun, Jimeng},
  booktitle={Proceedings of the 23rd ACM SIGKDD International Conference on Knowledge Discovery and Data Mining},
  pages={787--795},
  year={2017}
}

@inproceedings{ma2018kame,
  title={Kame: Knowledge-based attention model for diagnosis prediction in healthcare},
  author={Ma, Fenglong and You, Quanzeng and Xiao, Houping and Chitta, Radha and Zhou, Jing and Gao, Jing},
  booktitle={Proceedings of the 27th ACM International Conference on Information and Knowledge Management},
  pages={743--752},
  year={2018}
}

@inproceedings{bai2017joint,
  title={Joint learning of representations of medical concepts and words from ehr data},
  author={Bai, Tian and Chanda, Ashis Kumar and Egleston, Brian L and Vucetic, Slobodan},
  booktitle={2017 IEEE International Conference on Bioinformatics and Biomedicine (BIBM)},
  pages={764--769},
  year={2017},
  organization={IEEE}
}

@inproceedings{ma2018drug,
  title={Drug similarity integration through attentive multi-view graph auto-encoders},
  author={Ma, Tengfei and Xiao, Cao and Zhou, Jiayu and Wang, Fei},
  booktitle={Proceedings of the 27th International Joint Conference on Artificial Intelligence},
  pages={3477--3483},
  year={2018}
}

@inproceedings{choi2020learning,
  title={Learning Graphical Structure of Electronic Health Records with Transformer for Predictive Healthcare},
  author={Choi, Edward and Dusenberry, Michael W and Flores, Gerardo and Xu,
  Zhen and Li, Yujia and Xue, Yuan and Dai, Andrew M},
  booktitle={Proceedings of Association for the Advancement of Artificial
  Intelligence},
  year={2020}
}

@inproceedings{bai2019medical,
  title     = {Medical Concept Representation Learning from Multi-source Data},
  author    = {Bai, Tian and L. Egleston, Brian and Bleicher, Richard and Vucetic, Slobodan},
  booktitle = {Proceedings of the Twenty-Eighth International Joint Conference on Artificial Intelligence, {IJCAI-19}},            
  pages     = {4897--4903},
  year      = {2019}
}


@inproceedings{glicksberg2018automated,
  title={Automated disease cohort selection using word embeddings from Electronic Health Records.},
  author={Glicksberg, Benjamin S and Miotto, Riccardo and Johnson, Kipp W and Shameer, Khader and Li, Li and Chen, Rong and Dudley, Joel T},
  booktitle={Biocomputing},
  pages={145--156},
  year={2018}
}

@article{bai2018ehr,
  title={EHR phenotyping via jointly embedding medical concepts and words into a unified vector space},
  author={Bai, Tian and Chanda, Ashis Kumar and Egleston, Brian L and Vucetic, Slobodan},
  journal={BMC medical informatics and decision making},
  volume={18},
  number={4},
  pages={123},
  year={2018},
  publisher={Springer}
}

@inproceedings{kim2017federated,
  title={Federated tensor factorization for computational phenotyping},
  author={Kim, Yejin and Sun, Jimeng and Yu, Hwanjo and Jiang, Xiaoqian},
  booktitle={Proceedings of the 23rd ACM SIGKDD International Conference on Knowledge Discovery and Data Mining},
  pages={887--895},
  year={2017}
}

@inproceedings{he2019distributed,
  title={Distributed Tensor Decomposition for Large Scale Health Analytics},
  author={He, Huan and Henderson, Jette and Ho, Joyce C},
  booktitle={The World Wide Web Conference},
  pages={659--669},
  year={2019}
}

@article{perros2019temporal,
  title={Temporal phenotyping of medically complex children via PARAFAC2 tensor factorization},
  author={Perros, Ioakeim and Papalexakis, Evangelos E and Vuduc, Richard and Searles, Elizabeth and Sun, Jimeng},
  journal={Journal of biomedical informatics},
  volume={93},
  pages={103125},
  year={2019},
  publisher={Elsevier}
}

@inproceedings{perros2018sustain,
  title={Sustain: Scalable unsupervised scoring for tensors and its application to phenotyping},
  author={Perros, Ioakeim and Papalexakis, Evangelos E and Park, Haesun and Vuduc, Richard and Yan, Xiaowei and Defilippi, Christopher and Stewart, Walter F and Sun, Jimeng},
  booktitle={Proceedings of the 24th ACM SIGKDD International Conference on Knowledge Discovery \& Data Mining},
  pages={2080--2089},
  year={2018}
}

@inproceedings{heano2018parallel,
  title={Parallel and Distributed Processing for Unsupervised Patient Phenotype Representation},
  author={Heano, John Anderson Garc{\'\i}a and Precioso, Fr{\'e}d{\'e}ric and Staccini, Pascal and Riveill, Michel},
  booktitle={Latin American High Performance Computing Conference},
  pages={3--17},
  year={2018},
  organization={Springer}
}

@inproceedings{ho2014extracting,
  title={Extracting phenotypes from patient claim records using nonnegative tensor factorization},
  author={Ho, Joyce C and Ghosh, Joydeep and Sun, Jimeng},
  booktitle={International Conference on Brain Informatics and Health},
  pages={142--151},
  year={2014},
  organization={Springer}
}

@inproceedings{liu2015temporal,
  title={Temporal phenotyping from longitudinal electronic health records: A graph based framework},
  author={Liu, Chuanren and Wang, Fei and Hu, Jianying and Xiong, Hui},
  booktitle={Proceedings of the 21th ACM SIGKDD international conference on knowledge discovery and data mining},
  pages={705--714},
  year={2015}
}

@inproceedings{wang2015graph,
  title={A graph based methodology for temporal signature identification from EHR},
  author={Wang, Fei and Liu, Chuanren and Wang, Yajuan and Hu, Jianying and Yu, Guoqiang},
  booktitle={AMIA Annual Symposium Proceedings},
  volume={2015},
  pages={1269},
  year={2015},
  organization={American Medical Informatics Association}
}

@inproceedings{xu2017predicting,
  title={Predicting hospital readmission from longitudinal healthcare data using graph pattern mining based temporal phenotypes},
  author={Xu, Xiangzhen and Cui, Lizhen and Liu, Shijun and Li, Hui and Liu, Lei and Zheng, Yongqing},
  booktitle={2017 IEEE International Conference on Bioinformatics and Biomedicine (BIBM)},
  pages={824--829},
  year={2017},
  organization={IEEE}
}

@inproceedings{baytas2017patient,
  title={Patient subtyping via time-aware LSTM networks},
  author={Baytas, Inci M and Xiao, Cao and Zhang, Xi and Wang, Fei and Jain, Anil K and Zhou, Jiayu},
  booktitle={Proceedings of the 23rd ACM SIGKDD international conference on knowledge discovery and data mining},
  pages={65--74},
  year={2017}
}

@inproceedings{fu2019ddl,
  title={DDL: deep dictionary learning for predictive phenotyping},
  author={Fu, Tianfan and Hoang, Trong Nghia and Xiao, Cao and Sun, Jimeng},
  booktitle={Proceedings of the 28th International Joint Conference on Artificial Intelligence},
  pages={5857--5863},
  year={2019},
  organization={AAAI Press}
}

@inproceedings{che2015deep,
  title={Deep computational phenotyping},
  author={Che, Zhengping and Kale, David and Li, Wenzhe and Bahadori, Mohammad Taha and Liu, Yan},
  booktitle={Proceedings of the 21th ACM SIGKDD International Conference on Knowledge Discovery and Data Mining},
  pages={507--516},
  year={2015}
}

@inproceedings{kale2015causal,
  title={Causal phenotype discovery via deep networks},
  author={Kale, David C and Che, Zhengping and Bahadori, Mohammad Taha and Li, Wenzhe and Liu, Yan and Wetzel, Randall},
  booktitle={AMIA Annual Symposium Proceedings},
  volume={2015},
  pages={677},
  year={2015},
  organization={American Medical Informatics Association}
}

@article{beaulieu2016semi,
  title={Semi-supervised learning of the electronic health record for phenotype stratification},
  author={Beaulieu-Jones, Brett K and Greene, Casey S and others},
  journal={Journal of biomedical informatics},
  volume={64},
  pages={168--178},
  year={2016},
  publisher={Elsevier}
}

@inproceedings{cheng2016risk,
  title={Risk prediction with electronic health records: A deep learning approach},
  author={Cheng, Yu and Wang, Fei and Zhang, Ping and Hu, Jianying},
  booktitle={Proceedings of the 2016 SIAM International Conference on Data Mining},
  pages={432--440},
  year={2016},
  organization={SIAM}
}

@article{seymour2019derivation,
  title={Derivation, validation, and potential treatment implications of novel clinical phenotypes for sepsis},
  author={Seymour, Christopher W and Kennedy, Jason N and Wang, Shu and Chang, Chung-Chou H and Elliott, Corrine F and Xu, Zhongying and Berry, Scott and Clermont, Gilles and Cooper, Gregory and Gomez, Hernando and others},
  journal={Jama},
  volume={321},
  number={20},
  pages={2003--2017},
  year={2019},
  publisher={American Medical Association}
}

@inproceedings{luo2018multivariate,
  title={Multivariate time series imputation with generative adversarial networks},
  author={Luo, Yonghong and Cai, Xiangrui and Zhang, Ying and Xu, Jun and others},
  booktitle={Advances in Neural Information Processing Systems},
  pages={1596--1607},
  year={2018}
}

@inproceedings{luo20192,
  title={E$^2$GAN: end-to-end generative adversarial network for multivariate time series imputation},
  author={Luo, Yonghong and Zhang, Ying and Cai, Xiangrui and Yuan, Xiaojie},
  booktitle={Proceedings of the 28th International Joint Conference on Artificial Intelligence},
  pages={3094--3100},
  year={2019},
  organization={AAAI Press}
}

@inproceedings{zheng2017resolving,
  title={Resolving the bias in electronic medical records},
  author={Zheng, Kaiping and Gao, Jinyang and Ngiam, Kee Yuan and Ooi, Beng Chin and Yip, Wei Luen James},
  booktitle={Proceedings of the 23rd ACM SIGKDD International Conference on Knowledge Discovery and Data Mining},
  pages={2171--2180},
  year={2017}
}

@inproceedings{suo2019recurrent,
  title={Recurrent Imputation for Multivariate Time Series with Missing Values},
  author={Suo, Qiuling and Yao, Liuyi and Xun, Guangxu and Sun, Jianhui and Zhang, Aidong},
  booktitle={2019 IEEE International Conference on Healthcare Informatics (ICHI)},
  pages={1--3},
  year={2019},
  organization={IEEE}
}

@inproceedings{xu2019estimating,
  title={Estimating Missing Values in Multivariate-Time-Series Clinical Data using Gradient Boosting Tree on Temporal and Cross-variable Features},
  author={Xu, Xiao and Wang, Junmei and Xu, Xian and Sun, Yuyao and Chen, Quanhe and Li, Xiang and Xie, Guotong},
  booktitle={2019 IEEE International Conference on Healthcare Informatics (ICHI)},
  pages={1--3},
  year={2019},
  organization={IEEE}
}

@article{che2018recurrent,
  title={Recurrent neural networks for multivariate time series with missing values},
  author={Che, Zhengping and Purushotham, Sanjay and Cho, Kyunghyun and Sontag, David and Liu, Yan},
  journal={Scientific reports},
  volume={8},
  number={1},
  pages={1--12},
  year={2018},
  publisher={Nature Publishing Group}
}

@article{beaulieu2018characterizing,
  title={Characterizing and managing missing structured data in electronic health records: data analysis},
  author={Beaulieu-Jones, Brett K and Lavage, Daniel R and Snyder, John W and Moore, Jason H and Pendergrass, Sarah A and Bauer, Christopher R},
  journal={JMIR medical informatics},
  volume={6},
  number={1},
  pages={e11},
  year={2018},
  publisher={JMIR Publications Inc., Toronto, Canada}
}

@inproceedings{beaulieu2017missing,
  title={Missing data imputation in the electronic health record using deeply learned autoencoders},
  author={Beaulieu-Jones, Brett K and Moore, Jason H},
  booktitle={Pacific Symposium on Biocomputing 2017},
  pages={207--218},
  year={2017},
  organization={World Scientific}
}

@inproceedings{costa2018missing,
  title={Missing data imputation via denoising autoencoders: the untold story},
  author={Costa, Adriana Fonseca and Santos, Miriam Seoane and Soares, Jastin Pompeu and Abreu, Pedro Henriques},
  booktitle={International Symposium on Intelligent Data Analysis},
  pages={87--98},
  year={2018},
  organization={Springer}
}

@inproceedings{yang2018time,
  title={Time-aware subgroup matrix decomposition: Imputing missing data using forecasting events},
  author={Yang, Xi and Zhang, Yuan and Chi, Min},
  booktitle={2018 IEEE International Conference on Big Data (Big Data)},
  pages={1524--1533},
  year={2018},
  organization={IEEE}
}

@inproceedings{cao2018brits,
  title={Brits: Bidirectional recurrent imputation for time series},
  author={Cao, Wei and Wang, Dong and Li, Jian and Zhou, Hao and Li, Lei and Li, Yitan},
  booktitle={Advances in Neural Information Processing Systems},
  pages={6775--6785},
  year={2018}
}

@inproceedings{mattei2019miwae,
  title={MIWAE: Deep Generative Modelling and Imputation of Incomplete Data Sets},
  author={Mattei, Pierre-Alexandre and Frellsen, Jes},
  booktitle={International Conference on Machine Learning},
  pages={4413--4423},
  year={2019}
}

@inproceedings{yoon2018gain,
  title={GAIN: Missing Data Imputation using Generative Adversarial Nets},
  author={Yoon, Jinsung and Jordon, James and Schaar, Mihaela},
  booktitle={International Conference on Machine Learning},
  pages={5689--5698},
  year={2018}
}

@article{sterne2009multiple,
  title={Multiple imputation for missing data in epidemiological and clinical research: potential and pitfalls},
  author={Sterne, Jonathan AC and White, Ian R and Carlin, John B and Spratt, Michael and Royston, Patrick and Kenward, Michael G and Wood, Angela M and Carpenter, James R},
  journal={Bmj},
  volume={338},
  pages={b2393},
  year={2009},
  publisher={British Medical Journal Publishing Group}
}

@article{phelan2017illustrating,
  title={Illustrating informed presence bias in electronic health records data: how patient interactions with a health system can impact inference},
  author={Phelan, Matthew and Bhavsar, Nrupen A and Goldstein, Benjamin A},
  journal={eGEMs},
  volume={5},
  number={1},
  year={2017},
  publisher={Ubiquity Press}
}

@article{agniel2018biases,
  title={Biases in electronic health record data due to processes within the healthcare system: retrospective observational study},
  author={Agniel, Denis and Kohane, Isaac S and Weber, Griffin M},
  journal={Bmj},
  volume={361},
  pages={k1479},
  year={2018},
  publisher={British Medical Journal Publishing Group}
}

@article{pivovarov2014identifying,
  title={Identifying and mitigating biases in EHR laboratory tests},
  author={Pivovarov, Rimma and Albers, David J and Sepulveda, Jorge L and Elhadad, No{\'e}mie},
  journal={Journal of biomedical informatics},
  volume={51},
  pages={24--34},
  year={2014},
  publisher={Elsevier}
}

@article{vassy2018yield,
  title={Yield and bias in defining a cohort study baseline from electronic health record data},
  author={Vassy, Jason L and Ho, Yuk-Lam and Honerlaw, Jacqueline and Cho, Kelly and Gaziano, J Michael and Wilson, Peter WF and Gagnon, David R},
  journal={Journal of biomedical informatics},
  volume={78},
  pages={54--59},
  year={2018},
  publisher={Elsevier}
}

@inproceedings{choi2016retain,
  title={Retain: An interpretable predictive model for healthcare using reverse time attention mechanism},
  author={Choi, Edward and Bahadori, Mohammad Taha and Sun, Jimeng and Kulas, Joshua and Schuetz, Andy and Stewart, Walter},
  booktitle={Advances in Neural Information Processing Systems},
  pages={3504--3512},
  year={2016}
}

@article{kwon2018retainvis,
  title={Retainvis: Visual analytics with interpretable and interactive recurrent neural networks on electronic medical records},
  author={Kwon, Bum Chul and Choi, Min-Je and Kim, Joanne Taery and Choi, Edward and Kim, Young Bin and Kwon, Soonwook and Sun, Jimeng and Choo, Jaegul},
  journal={IEEE transactions on visualization and computer graphics},
  volume={25},
  number={1},
  pages={299--309},
  year={2018},
  publisher={IEEE}
}

@inproceedings{bai2018interpretable,
  title={Interpretable representation learning for healthcare via capturing disease progression through time},
  author={Bai, Tian and Zhang, Shanshan and Egleston, Brian L and Vucetic, Slobodan},
  booktitle={Proceedings of the 24th ACM SIGKDD International Conference on Knowledge Discovery \& Data Mining},
  pages={43--51},
  year={2018}
}

@inproceedings{gao2019camp,
  title={Camp: Co-attention memory networks for diagnosis prediction in healthcare},
  author={Gao, Jingyue and Wang, Xiting and Wang, Yasha and Yang, Zhao and Gao, Junyi and Wang, Jiangtao and Tang, Wen and Xie, Xing},
  year={2019},
  organization={ICDM}
}

@inproceedings{ma2019adacare,
  title={AdaCare: Explainable Clinical Health Status Representation Learning via Scale-Adaptive Feature Extraction and Recalibration},
  author={Ma, Liantao and Gao, Junyi and Wang, Yasha and Zhang, Chaohe and Wang, Jiangtao and Ruan, Wenjie and Tang, Wen and Gao, Xin and Ma, Xinyu},
  booktitle={Proceedings of the 34th {AAAI} Conference on Artificial
  Intelligence, 2020},
  year={2019}
}

@inproceedings{ma2017dipole,
  title={Dipole: Diagnosis prediction in healthcare via attention-based bidirectional recurrent neural networks},
  author={Ma, Fenglong and Chitta, Radha and Zhou, Jing and You, Quanzeng and Sun, Tong and Gao, Jing},
  booktitle={Proceedings of the 23rd ACM SIGKDD international conference on knowledge discovery and data mining},
  pages={1903--1911},
  year={2017}
}

@inproceedings{panigutti2020doctor,
  title={Doctor XAI: an ontology-based approach to black-box sequential data classification explanations},
  author={Panigutti, Cecilia and Perotti, Alan and Pedreschi, Dino},
  booktitle={Proceedings of the 2020 Conference on Fairness, Accountability, and Transparency},
  pages={629--639},
  year={2020}
}

@inproceedings{panigutti2019explaining,
  title={Explaining multi-label black-box classifiers for health applications},
  author={Panigutti, Cecilia and Guidotti, Riccardo and Monreale, Anna and Pedreschi, Dino},
  booktitle={International Workshop on Health Intelligence},
  pages={97--110},
  year={2019},
  organization={Springer}
}

@article{jin2020carepre,
  title={Carepre: An intelligent clinical decision assistance system},
  author={Jin, Zhuochen and Cui, Shuyuan and Guo, Shunan and Gotz, David and Sun, Jimeng and Cao, Nan},
  journal={ACM Transactions on Computing for Healthcare},
  volume={1},
  number={1},
  pages={1--20},
  year={2020},
  publisher={ACM New York, NY, USA}
}

@article{guo2020comparative,
  title={Comparative Visual Analytics for Assessing Medical Records with Sequence Embedding},
  author={Guo, Rongchen and Fujiwara, Takanori and Li, Yiran and Lima, Kelly M and Sen, Soman and Tran, Nam K and Ma, Kwan-Liu},
  journal={arXiv preprint arXiv:2002.08356},
  year={2020}
}

@inproceedings{ribeiro2016should,
  title={" Why should i trust you?" Explaining the predictions of any classifier},
  author={Ribeiro, Marco Tulio and Singh, Sameer and Guestrin, Carlos},
  booktitle={Proceedings of the 22nd ACM SIGKDD international conference on knowledge discovery and data mining},
  pages={1135--1144},
  year={2016}
}

@article{su2019one,
  title={One pixel attack for fooling deep neural networks},
  author={Su, Jiawei and Vargas, Danilo Vasconcellos and Sakurai, Kouichi},
  journal={IEEE Transactions on Evolutionary Computation},
  volume={23},
  number={5},
  pages={828--841},
  year={2019},
  publisher={IEEE}
}

@article{bach2015pixel,
  title={On pixel-wise explanations for non-linear classifier decisions by layer-wise relevance propagation},
  author={Bach, Sebastian and Binder, Alexander and Montavon, Gr{\'e}goire and Klauschen, Frederick and M{\"u}ller, Klaus-Robert and Samek, Wojciech},
  journal={PloS one},
  volume={10},
  number={7},
  year={2015},
  publisher={Public Library of Science}
}




%%%%%%%%%%%%%%%%%%%%%%%%%%%%%%% GY

@article{Pei2019DeepXplore,
author = {Pei, Kexin and Cao, Yinzhi and Yang, Junfeng and Jana, Suman},
title = {DeepXplore: Automated Whitebox Testing of Deep Learning Systems},
year = {2019},
issue_date = {November 2019},
publisher = {Association for Computing Machinery},
address = {New York, NY, USA},
volume = {62},
number = {11},
issn = {0001-0782},
url = {https://doi.org/10.1145/3361566},
doi = {10.1145/3361566},
journal = {Commun. ACM},
month = {oct},
pages = {137–145},
numpages = {9}
}

@article{Sun2018Testing,
  title={Testing Deep Neural Networks},
  author={Youcheng Sun and Xiaowei Huang and Daniel Kroening},
  journal={ArXiv},
  year={2018},
  volume={abs/1803.04792}
}

@INPROCEEDINGS{Wang2019DeepPath,  
author={Wang, Dong and Wang, Ziyuan and Fang, Chunrong and Chen, Yanshan and Chen, Zhenyu},  booktitle={2019 IEEE International Conference On Artificial Intelligence Testing (AITest)},   title={DeepPath: Path-Driven Testing Criteria for Deep Neural Networks},   
year={2019},  volume={},  number={},  pages={119-120},  
doi={10.1109/AITest.2019.00013}
}

@article{Tian2019Testing,
  title={Testing Deep Neural Network based Image Classifiers},
  author={Yuchi Tian and Ziyuan Zhong and Vicente Ordonez and Baishakhi Ray},
  journal={ArXiv},
  year={2019},
  volume={abs/1905.07831}
}

@article{Du2018DeepCruiser,
  title={DeepCruiser: Automated Guided Testing for Stateful Deep Learning Systems},
  author={Xiaoning Du and Xiaofei Xie and Yi Li and Lei Ma and Jianjun Zhao and Yang Liu},
  journal={ArXiv},
  year={2018},
  volume={abs/1812.05339}
}

@inproceedings{Kim2019Guiding,
author = {Kim, Jinhan and Feldt, Robert and Yoo, Shin},
title = {Guiding Deep Learning System Testing Using Surprise Adequacy},
year = {2019},
publisher = {IEEE Press},
url = {https://doi.org/10.1109/ICSE.2019.00108},
doi = {10.1109/ICSE.2019.00108},
booktitle = {Proceedings of the 41st International Conference on Software Engineering},
pages = {1039–1049},
numpages = {11},
keywords = {test adequacy, deep learning systems},
location = {Montreal, Quebec, Canada},
series = {ICSE '19}
}

@inproceedings{Gerasimou2020Importance,
author = {Gerasimou, Simos and Eniser, Hasan Ferit and Sen, Alper and Cakan, Alper},
title = {Importance-Driven Deep Learning System Testing},
year = {2020},
isbn = {9781450371216},
publisher = {Association for Computing Machinery},
address = {New York, NY, USA},
url = {https://doi.org/10.1145/3377811.3380391},
doi = {10.1145/3377811.3380391},
booktitle = {Proceedings of the ACM/IEEE 42nd International Conference on Software Engineering},
pages = {702–713},
numpages = {12},
keywords = {deep learning systems, test adequacy, safety-critical systems},
location = {Seoul, South Korea},
series = {ICSE '20}
}

@INPROCEEDINGS{Majumdar2007Hybrid,  
author={Majumdar, Rupak and Sen, Koushik},  
booktitle={29th International Conference on Software Engineering (ICSE'07)},   
title={Hybrid Concolic Testing},   
year={2007},  volume={},  number={},  pages={416-426},  
doi={10.1109/ICSE.2007.41}
}

@inbook{Sun2018Concolic,
author = {Sun, Youcheng and Wu, Min and Ruan, Wenjie and Huang, Xiaowei and Kwiatkowska, Marta and Kroening, Daniel},
title = {Concolic Testing for Deep Neural Networks},
year = {2018},
isbn = {9781450359375},
publisher = {Association for Computing Machinery},
address = {New York, NY, USA},
url = {https://doi.org/10.1145/3238147.3238172},
booktitle = {Proceedings of the 33rd ACM/IEEE International Conference on Automated Software Engineering},
pages = {109–119},
numpages = {11}
}

@article{Gopinath2018Symbolic,
  title={Symbolic Execution for Deep Neural Networks},
  author={Divya Gopinath and Kaiyuan Wang and Mengshi Zhang and Corina S. Pasareanu and Sarfraz Khurshid},
  journal={ArXiv},
  year={2018},
  volume={abs/1807.10439}
}

@article{Xiao2018Spatially,
  title={Spatially Transformed Adversarial Examples},
  author={Chaowei Xiao and Jun-Yan Zhu and Bo Li and Warren He and M. Liu and Dawn Xiaodong Song},
  journal={ArXiv},
  year={2018},
  volume={abs/1801.02612}
}

@inproceedings{He2018Decision,
  title={Decision Boundary Analysis of Adversarial Examples},
  author={Warren He and Bo Li and Dawn Xiaodong Song},
  booktitle={ICLR},
  year={2018}
}

@inproceedings{Guo2018DLFuzz,
author = {Guo, Jianmin and Jiang, Yu and Zhao, Yue and Chen, Quan and Sun, Jiaguang},
title = {DLFuzz: Differential Fuzzing Testing of Deep Learning Systems},
year = {2018},
isbn = {9781450355735},
publisher = {Association for Computing Machinery},
address = {New York, NY, USA},
url = {https://doi.org/10.1145/3236024.3264835},
doi = {10.1145/3236024.3264835},
pages = {739–743},
numpages = {5},
keywords = {Deep Learning, Neuron Coverage, Fuzzing Testing},
location = {Lake Buena Vista, FL, USA},
series = {ESEC/FSE 2018}
}

@inproceedings{Odena2019TensorFuzz,
  title={TensorFuzz: Debugging Neural Networks with Coverage-Guided Fuzzing},
  author={Augustus Odena and Ian J. Goodfellow},
  booktitle={ICML},
  year={2019}
}


@article{Ma2018DeepMutation,
  title={DeepMutation: Mutation Testing of Deep Learning Systems},
  author={L. Ma and Fuyuan Zhang and Jiyuan Sun and Minhui Xue and Bo Li and Felix Juefei-Xu and Chao Xie and Li Li and Yang Liu and Jianjun Zhao and Yadong Wang},
  journal={2018 IEEE 29th International Symposium on Software Reliability Engineering (ISSRE)},
  year={2018},
  pages={100-111}
}

@inproceedings{Wicker2018FeatureGuided,
  title={Feature-Guided Black-Box Safety Testing of Deep Neural Networks},
  author={Matthew Wicker and Xiaowei Huang and M. Kwiatkowska},
  booktitle={TACAS},
  year={2018}
}


@inproceedings{Du2019DeepStellar,
author = {Du, Xiaoning and Xie, Xiaofei and Li, Yi and Ma, Lei and Liu, Yang and Zhao, Jianjun},
title = {DeepStellar: Model-Based Quantitative Analysis of Stateful Deep Learning Systems},
year = {2019},
isbn = {9781450355728},
publisher = {Association for Computing Machinery},
address = {New York, NY, USA},
url = {https://doi.org/10.1145/3338906.3338954},
doi = {10.1145/3338906.3338954},
booktitle = {Proceedings of the 2019 27th ACM Joint Meeting on European Software Engineering Conference and Symposium on the Foundations of Software Engineering},
pages = {477–487},
numpages = {11},
keywords = {adversarial sample, Deep learning, testing, model-based analysis, recurrent neural network},
location = {Tallinn, Estonia},
series = {ESEC/FSE 2019}
}

@INPROCEEDINGS{Du2019AQuantitative,  
author={Du, Xiaoning and Xie, Xiaofei and Li, Yi and Ma, Lei and Liu, Yang and Zhao, Jianjun},  booktitle={2019 34th IEEE/ACM International Conference on Automated Software Engineering (ASE)},   title={A Quantitative Analysis Framework for Recurrent Neural Network},   
year={2019},  volume={},  number={},  pages={1062-1065},  
doi={10.1109/ASE.2019.00102}
}

@INPROCEEDINGS{Hu2019DeepMutationPlusPlus,  
author={Hu, Qiang and Ma, Lei and Xie, Xiaofei and Yu, Bing and Liu, Yang and Zhao, Jianjun},  booktitle={2019 34th IEEE/ACM International Conference on Automated Software Engineering (ASE)},   title={DeepMutation++: A Mutation Testing Framework for Deep Learning Systems},   
year={2019},  volume={},  number={},  pages={1158-1161},  
doi={10.1109/ASE.2019.00126}
}

@inproceedings{Xie2019DiffChaser,
  title={DiffChaser: Detecting Disagreements for Deep Neural Networks},
  author={Xiaofei Xie and Lei Ma and Haijun Wang and Yuekang Li and Yang Liu and Xiaohong Li},
  booktitle={IJCAI},
  year={2019}
}

@inproceedings{Feng2020DeepGini,
author = {Feng, Yang and Shi, Qingkai and Gao, Xinyu and Wan, Jun and Fang, Chunrong and Chen, Zhenyu},
title = {DeepGini: Prioritizing Massive Tests to Enhance the Robustness of Deep Neural Networks},
year = {2020},
isbn = {9781450380089},
publisher = {Association for Computing Machinery},
address = {New York, NY, USA},
url = {https://doi.org/10.1145/3395363.3397357},
doi = {10.1145/3395363.3397357},
booktitle = {Proceedings of the 29th ACM SIGSOFT International Symposium on Software Testing and Analysis},
pages = {177–188},
numpages = {12},
keywords = {Deep Learning, Test Case Prioritization, Deep Learning Testing},
location = {Virtual Event, USA},
series = {ISSTA 2020}
}

@inproceedings{Lee2020Effective,
author = {Lee, Seokhyun and Cha, Sooyoung and Lee, Dain and Oh, Hakjoo},
title = {Effective White-Box Testing of Deep Neural Networks with Adaptive Neuron-Selection Strategy},
year = {2020},
isbn = {9781450380089},
publisher = {Association for Computing Machinery},
address = {New York, NY, USA},
url = {https://doi.org/10.1145/3395363.3397346},
doi = {10.1145/3395363.3397346},
pages = {165–176},
numpages = {12},
keywords = {Deep neural networks, Online learning, White-box testing},
location = {Virtual Event, USA},
series = {ISSTA 2020}
}

@INPROCEEDINGS{Gao2022Adaptive,  
author = {Gao, Xinyu and Feng, Yang and Yin, Yiing and Liu, Zixi and Chen, Zhenyu},
booktitle={44th International Conference on Software Engineering (ICSE'22)},   
title={Adaptive Test Selection for Deep Neural Networks},   
year={2022},
}

@INPROCEEDINGS{Liu2022DeepState,  
author = {Liu, Zixi and Feng, Yang and Yin, Yiing and Chen, Zhenyu},
booktitle={44th International Conference on Software Engineering (ICSE'22)},   
title={DeepState: Selecting Test Suites to Enhance the Robustness of Recurrent Neural Networks},   
year={2022},
}

@inbook{Du2020Marble,
author = {Du, Xiaoning and Li, Yi and Xie, Xiaofei and Ma, Lei and Liu, Yang and Zhao, Jianjun},
title = {Marble: Model-Based Robustness Analysis of Stateful Deep Learning Systems},
year = {2020},
isbn = {9781450367684},
publisher = {Association for Computing Machinery},
address = {New York, NY, USA},
url = {https://doi.org/10.1145/3324884.3416564},
booktitle = {Proceedings of the 35th IEEE/ACM International Conference on Automated Software Engineering},
pages = {423–435},
numpages = {13}
}


@article{Hu2022AnEmpirical,
  title={An Empirical Study on Data Distribution-Aware Test Selection for Deep Learning Enhancement},
  author={Hu, Qiang and Guo, Yuejun and Cordy, Maxime and Xie, Xiaofei and Ma, Lei},
  journal={TOSEM 2022},
  year={2022},
}

@article{Byun2019Input,
  title={Input Prioritization for Testing Neural Networks},
  author={Taejoon Byun and Vaibhav Sharma and Abhishek Vijayakumar and Sanjai Rayadurgam and Darren D. Cofer},
  journal={2019 IEEE International Conference On Artificial Intelligence Testing (AITest)},
  year={2019},
  pages={63-70}
}

@INPROCEEDINGS{Wang2021Prioritizing,  
author={Wang, Zan and You, Hanmo and Chen, Junjie and Zhang, Yingyi and Dong, Xuyuan and Zhang, Wenbin},  
booktitle={2021 IEEE/ACM 43rd International Conference on Software Engineering (ICSE)},   title={Prioritizing Test Inputs for Deep Neural Networks via Mutation Analysis},   
year={2021},  volume={},  number={},  pages={397-409},  doi={10.1109/ICSE43902.2021.00046}
}

@INPROCEEDINGS{Shen2020MultipleBoundary,  
author={Shen, Weijun and Li, Yanhui and Chen, Lin and Han, Yuanlei and Zhou, Yuming and Xu, Baowen},
booktitle={2020 35th IEEE/ACM International Conference on Automated Software Engineering (ASE)},   title={Multiple-Boundary Clustering and Prioritization to Promote Neural Network Retraining},   year={2020},  
volume={},  number={},  pages={410-422},  doi={}
}


@article{Chen2020Practical,
author = {Chen, Junjie and Wu, Zhuo and Wang, Zan and You, Hanmo and Zhang, Lingming and Yan, Ming},
title = {Practical Accuracy Estimation for Efficient Deep Neural Network Testing},
year = {2020},
issue_date = {October 2020},
publisher = {Association for Computing Machinery},
address = {New York, NY, USA},
volume = {29},
number = {4},
issn = {1049-331X},
url = {https://doi.org/10.1145/3394112},
doi = {10.1145/3394112},
journal = {ACM Trans. Softw. Eng. Methodol.},
month = {oct},
articleno = {30},
numpages = {35},
keywords = {labeling, test input selection, Deep neural network testing, test optimization}
}

@article{Xie2021NPC,
author = {Xie, Xiaofei and Li, Tianlin and Wang, Jian and Ma, Lei and Guo, Qing and Juefei-Xu, Felix and Liu, Yang},
title = {NPC: <u class="uu">N</u>euron <u class="uu">P</u>ath <u class="uu">C</u>overage via Characterizing Decision Logic of Deep Neural Networks},
year = {2021},
publisher = {Association for Computing Machinery},
address = {New York, NY, USA},
issn = {1049-331X},
url = {https://doi.org/10.1145/3490489},
doi = {10.1145/3490489},
note = {Just Accepted},
journal = {ACM Trans. Softw. Eng. Methodol.},
month = {sep},
keywords = {Model Interpretation, Deep Learning Testing, Testing Coverage Criteria}
}

